@article{Kolesar1967,
    title = {{A BRANCH AND BOUND ALGORITHM FOR THE KNAPSACK PROBLEM *t}},
    year = {1967},
    journal = {MANAGEMENT SCIENCE},
    author = {Kolesar, Peter J},
    number = {9},
    volume = {13}
}

@article{Deb2002a,
    title = {{A Fast and Elitist Multiobjective Genetic Algorithm: NSGA-II}},
    year = {2002},
    journal = {IEEE TRANSACTIONS ON EVOLUTIONARY COMPUTATION},
    author = {Deb, Kalyanmoy and Pratap, Amrit and Agarwal, Sameer and Meyarivan, T},
    number = {2},
    volume = {6}
}

@article{Deb2002,
    title = {{A Fast and Elitist Multiobjective Genetic Algorithm: NSGA-II}},
    year = {2002},
    journal = {IEEE TRANSACTIONS ON EVOLUTIONARY COMPUTATION},
    author = {Deb, Kalyanmoy and Pratap, Amrit and Agarwal, Sameer and Meyarivan, T},
    number = {2},
    volume = {6}
}

@article{Stratulat2001,
    title = {{A general framework to build contextual cover set induction provers}},
    year = {2001},
    journal = {Journal of Symbolic Computation},
    author = {Stratulat, Sorin},
    doi = {10.1006/jsco.2000.0469},
    issn = {07477171}
}

@article{Kao,
    title = {{A Genetic Algorithm Approach for Set Covering Problems}},
    author = {Kao, Cheng-Yan and Horng, Jorng-Tzong}
}

@article{Feige1998,
    title = {{A threshold of ln n for approximating set cover}},
    year = {1998},
    journal = {Journal of the ACM},
    author = {Feige, Uriel},
    isbn = {9781605580470},
    doi = {10.1145/285055.285059},
    issn = {00045411}
}

@article{Golden,
    title = {{Approximate Traveling Salesman Algorithms}},
    journal = {Operations Research},
    author = {Golden, B and Bodin, L and Doyle, T and Stewart, W},
    number = {3},
    pages = {694--711},
    volume = {28}
}

@article{Fujito2000,
    title = {{Approximation algorithms for submodular set cover with applications}},
    year = {2000},
    journal = {IEICE Transactions on Information and Systems},
    author = {Fujito, Toshihiro},
    issn = {09168532},
    keywords = {Approximation algorithms, Greedy heuristics, Set cover, Submodular function}
}

@article{Mitten,
    title = {{BRANCH-AND-BOUND METHODS: GENERAL FORMULATION AND PROPERTIES}},
    author = {Mitten, L G},
    url = {http://about.jstor.org/terms}
}

@article{Abraham2018,
    title = {{Decreasing the Discoloration Risk of Drinking Water Distribution Systems through Optimized Topological Changes and Optimal Flow Velocity Control}},
    year = {2018},
    journal = {Journal of Water Resources Planning and Management},
    author = {Abraham, Edo and Blokker, Mirjam and Stoianov, Ivan},
    doi = {10.1061/(ASCE)WR.1943-5452.0000878},
    issn = {0733-9496}
}

@article{Gallagher2016,
    title = {{Divergent discourse between protests and counter-protests: {\#}BlackLivesMatter and {\#}AllLivesMatter}},
    year = {2016},
    author = {Gallagher, Ryan J. and Reagan, Andrew J. and Danforth, Christopher M. and Dodds, Peter Sheridan},
    url = {http://arxiv.org/abs/1606.06820},
    arxivId = {1606.06820}
}

@article{Toth,
    title = {{GRADUATE SCHOOL OF INDUSTRIAL ADMINISTRATION}},
    author = {Toth, Paolo and Larimer Mellon, Wiuiam}
}

@article{Feo1995a,
    title = {{Greedy Randomized Adaptive Search Procedures}},
    year = {1995},
    journal = {Journal of Global Optimization},
    author = {Feo, Thomas A and Resende, Mauricio G C},
    pages = {109--133},
    volume = {6},
    publisher = {KluwerAcademic Publishers},
    keywords = {Combinatorial optimization, GRASP, computer implementation, search heuristic}
}

@article{Feo1995,
    title = {{Greedy Randomized Adaptive Search Procedures}},
    year = {1995},
    journal = {Journal of Global Optimization},
    author = {Feo, Thomas A and Resende, Mauricio G C},
    pages = {109--133},
    volume = {6},
    publisher = {KluwerAcademic Publishers},
    keywords = {Combinatorial optimization, GRASP, computer implementation, search heuristic}
}

@article{Ben-Ari1998,
    title = {{How to solve the Santa Claus problem}},
    year = {1998},
    journal = {Concurrency Practice and Experience},
    author = {Ben-Ari, Mordechai},
    doi = {10.1002/(SICI)1096-9128(199805)10:6<485::AID-CPE329>3.0.CO;2-2},
    issn = {10403108}
}

@article{Garcia2015,
    title = {{Ideological and Temporal Components of Network Polarization in Online Political Participatory Media}},
    year = {2015},
    author = {Garcia, David and Abisheva, Adiya and Schweitzer, Frank},
    number = {1},
    pages = {1--35},
    volume = {7},
    arxivId = {arXiv:1503.07711v1}
}

@article{Edgar2004,
    title = {{MUSCLE: Multiple sequence alignment with high accuracy and high throughput}},
    year = {2004},
    journal = {Nucleic Acids Research},
    author = {Edgar, Robert C.},
    isbn = {1362-4962 (Electronic) 0305-1048 (Linking)},
    doi = {10.1093/nar/gkh340},
    issn = {03051048},
    pmid = {15034147},
    arxivId = {NIHMS150003}
}

@article{Jacobs1995,
    title = {{Note: A local‐search heuristic for large set‐covering problems}},
    year = {1995},
    journal = {Naval Research Logistics (NRL)},
    author = {Jacobs, Larry W. and Brusco, Michael J.},
    doi = {10.1002/1520-6750(199510)42:7<1129::AID-NAV3220420711>3.0.CO;2-M},
    issn = {15206750}
}

@techreport{Kirkpatrick1983,
    title = {{Optimization by Simulated Annealing}},
    year = {1983},
    booktitle = {New Series},
    author = {Kirkpatrick, S and Gelatt, C. D. and Vecchi, M. P.},
    number = {4598},
    pages = {671--680},
    volume = {220},
    url = {https://pdfs.semanticscholar.org/beb2/1ee4a3721484b5d2c7ad04e6babd8d67af1d.pdf}
}

@article{Lee1991,
    title = {{Parallel machines scheduling with nonsimultaneous machine available time}},
    year = {1991},
    journal = {Discrete Applied Mathematics},
    author = {Lee, Chung Yee},
    doi = {10.1016/0166-218X(91)90013-M},
    issn = {0166218X}
}

@article{Conover2010,
    title = {{Political Polarization on Twitter}},
    year = {2010},
    author = {Conover, M D and Ratkiewicz, J and Francisco, M and Gonc, B and Flammini, A and Menczer, F},
    pages = {89--96}
}

@incollection{Karp2010,
    title = {{Reducibility Among Combinatorial Problems}},
    year = {2010},
    booktitle = {50 Years of Integer Programming 1958-2008},
    author = {Karp, Richard M.},
    pages = {219--241},
    publisher = {Springer Berlin Heidelberg},
    url = {http://link.springer.com/10.1007/978-3-540-68279-0_8},
    address = {Berlin, Heidelberg},
    doi = {10.1007/978-3-540-68279-0{\_}8}
}

@article{Lin2014,
    title = {{Rising tides or rising stars?: Dynamics of shared attention on twitter during media events}},
    year = {2014},
    journal = {PLoS ONE},
    author = {Lin, Yu Ru and Keegan, Brian and Margolin, Drew and Lazer, David},
    number = {5},
    volume = {9},
    isbn = {1932-6203 (Electronic) 1932-6203 (Linking)},
    doi = {10.1371/journal.pone.0094093},
    issn = {19326203},
    pmid = {24854030},
    arxivId = {1307.2785}
}

@article{Cormode,
    title = {{Set Cover Algorithms For Very Large Datasets}},
    author = {Cormode, Graham and Karloff, Howard and Wirth, Anthony},
    keywords = {Experimentation Keywords set cover, H28 [Database Management]: Database Applications-D, disk friendly * Work partially done at AT{\&}T Labs-R, greedy heuristic}
}

@article{Indyk,
    title = {{Set Cover in Sub-linear Time *}},
    author = {Indyk, Piotr and Mahabadi, Sepideh and Rubinfeld, Ronitt and Vakilian, Ali and Yodpinyanee, Anak},
    url = {http://www.mit.edu/~vakilian/publication/IMRVY18.pdf}
}

@article{Zorbas2010,
    title = {{Solving coverage problems in wireless sensor networks using cover sets}},
    year = {2010},
    journal = {Ad Hoc Networks},
    author = {Zorbas, Dimitrios and Glynos, Dimitris and Kotzanikolaou, Panayiotis and Douligeris, Christos},
    doi = {10.1016/j.adhoc.2009.10.003},
    issn = {15708705},
    keywords = {Centralised algorithm, Cover sets, Target coverage, Wireless sensor networks}
}

@article{Mataija2016,
    title = {{Solving the travelling salesman problem using the Branch and}},
    year = {2016},
    author = {Mataija, M and {\v{S}}egi{\'{c}}, M Rakamarić and Jozi{\'{c}}, F},
    number = {1},
    pages = {259--270},
    volume = {4},
    keywords = {Branch and Bound Method, Hamilton cycle, Hamilton path, NP complete problem, NP hard problem, Travelling Salesman Problem}
}

@article{Schaub2014,
    title = {{Structure of complex networks: Quantifying edge-to-edge relations by failure-induced flow redistribution}},
    year = {2014},
    journal = {Network Science},
    author = {Schaub, Michael T. and Lehmann, Jörg and Yaliraki, Sophia N. and Barahona, Mauricio},
    isbn = {2050-1250},
    doi = {10.1017/nws.2014.4},
    issn = {20501250},
    arxivId = {arXiv:1303.6241v1},
    keywords = {C. elegans, community structure, edge-centralities, edge-failures, edge-to-edge relations, flow redistribution, power grids, pseudoinverse of the Laplacian, traffic networks}
}

@article{Chang2007,
    title = {{Sub-population genetic algorithm with mining gene structures for multiobjective flowshop scheduling problems}},
    year = {2007},
    journal = {Expert Systems with Applications},
    author = {Chang, Pei-Chann and Chen, Shih-Hsin and Liu, Chen-Hao},
    number = {3},
    month = {10},
    pages = {762--771},
    volume = {33},
    publisher = {Pergamon},
    url = {https://www.sciencedirect.com/science/article/pii/S0957417406002028},
    doi = {10.1016/J.ESWA.2006.06.019},
    issn = {0957-4174}
}

@article{Alon2003,
    title = {{The Online Set Cover Problem}},
    year = {2003},
    author = {Alon, Noga and Awerbuch, Baruch and Azar, Yossi and Buchbinder, Niv and Seffi, Joseph ( and Naor, )},
    keywords = {Competitive Analysis, Derandomization, F22 [Analysis of Algorithms and Problem Complex-it, Ran-domized Rounding, Set-Cover, Theory Keywords On-line Algorithms}
}

@article{Livne2010,
    title = {{The Party is Over Here : Structure and Content in the 2010 Election}},
    year = {2010},
    journal = {October},
    author = {Livne, Avishay and Simmons, Matthew P and Adar, Eytan and Adamic, Lada a},
    number = {3},
    pages = {201--208},
    volume = {161},
    url = {http://www.aaai.org/ocs/index.php/ICWSM/ICWSM11/paper/viewFile/2852/3272},
    isbn = {0002400324},
    doi = {10.1007/s00024-003-2459-0},
    issn = {00334553},
    keywords = {Full Technical Papers}
}

@article{Adamic2005,
    title = {{The Political Blogosphere and the 2004 U.S. Election: Divided They Blog}},
    year = {2005},
    author = {Adamic, Lada A and Glance, Natalie},
    pages = {36--43},
    isbn = {1595932151}
}

@article{Bansal2006,
    title = {{The Santa Claus Problem}},
    year = {2006},
    author = {Bansal, Nikhil and Sviridenko, Maxim},
    keywords = {F22 [Analysis of Algorithms and Problem Complex-it, Theory Keywords Scheduling, approximation algorithms, maximin, resource allocation, unrelated machines}
}

@article{Laporte1992,
    title = {{The Traveling Salesman Problem: An overview of exact and approximate algorithms}},
    year = {1992},
    journal = {European Journal of Operational Research},
    author = {Laporte, Gilbert},
    pages = {231--247},
    volume = {59},
    keywords = {PII: 0377-2217(92)90138-Y}
}

@article{Jungherr2016,
    title = {{Twitter use in election campaigns: A systematic literature review}},
    year = {2016},
    author = {Jungherr, Andreas},
    number = {March},
    volume = {1681},
    doi = {10.1080/19331681.2015.1132401},
    keywords = {and, and a, as of, campaigns, candidates, interact around, journalists, parties, pervasive tool in election, politics, research public reactions to, steadily increasing share of, the public are using, these uses have met, twitter has become a, twitter to comment on, with growing scholarly attention}
}

@article{Langmead2009,
    title = {{Ultrafast and memory-efficient alignment of short DNA sequences to the human genome}},
    year = {2009},
    journal = {Genome Biology},
    author = {Langmead, Ben and Trapnell, Cole and Pop, Mihai and Salzberg, Steven L},
    number = {3},
    pages = {25},
    volume = {10},
    url = {http://genomebiology.com/2009/10/3/R25},
    doi = {10.1186/gb-2009-10-3-r25}
}

@article{Lawyer2015,
    title = {{Understanding the influence of all nodes in a network}},
    year = {2015},
    journal = {Scientific Reports},
    author = {Lawyer, Glenn},
    isbn = {1091-6490 (Electronic){\textbackslash}n0027-8424 (Linking)},
    doi = {10.1038/srep08665},
    issn = {20452322},
    pmid = {25727453},
    arxivId = {1405.6707}
}

@article{Aragon2016,
    title = {{When a Movement Becomes a Party: Computational Assessment of New Forms of Political Organization in Social Media}},
    year = {2016},
    author = {Arag{\'{o}}n, Pablo and Volkovich, Yana and Laniado, David and Kaltenbrunner, Andreas},
    number = {Icwsm},
    pages = {12--21}
}

@article{Lietz2014,
    title = {{When Politicians Talk: Assessing Online Conversational Practices of Political Parties on Twitter}},
    year = {2014},
    journal = {ICWSM},
    author = {Lietz, Haiko and Wagner, Claudia and Bleier, Arnim and Strohmaier, Markus},
    keywords = {conversational practice, culture, german election, homophily, punctuation, reproduction, twitter}
}

@article{Stier2017,
    title = {{When populists become popular: comparing Facebook use by the right-wing movement Pegida and German political parties}},
    year = {2017},
    journal = {Information Communication and Society},
    author = {Stier, Sebastian and Posch, Lisa and Bleier, Arnim and Strohmaier, Markus},
    number = {9},
    pages = {1365--1388},
    volume = {20},
    doi = {10.1080/1369118X.2017.1328519},
    issn = {14684462},
    keywords = {Facebook, Political communication, party politics, populism, protest movements, topic modeling}
}

@article{Science02S,
    title = {{02 | s}},
    author = {Science, Computational Social},
    pages = {0--18}
}

@article{08E,
    title = {{08 | e}},
    pages = {0--18}
}

@article{ADynamics.,
    title = {{A Broader View on Bias in Automated Decision-Making: Reflecting on Epistemology and Dynamics.}},
    journal = {arXiv Machine Learning (stat.ML)},
    url = {http://arxiv.org/abs/1807.00553},
    doi = {arXiv:1807.00553v2}
}

@article{Hawking2018AInflation,
    title = {{A smooth exit from eternal inflation?}},
    year = {2018},
    journal = {JHEP04},
    author = {Hawking, S W and Hertog, Thomas},
    number = {},
    pages = {},
    volume = {},
    url = {https://link.springer.com/article/10.1007%2FJHEP04%282018%29147},
    doi = {10.1007/JHEP04(2018)147}
}

@article{Alonso-Fernandez2016AResearch,
    title = {{A survey on periocular biometrics research}},
    year = {2016},
    journal = {Pattern Recognition Letters},
    author = {Alonso-Fernandez, Fernando and Bigun, Josef},
    doi = {10.1016/j.patrec.2015.08.026},
    issn = {01678655},
    keywords = {Biometrics, Eye, Face, Iris, Periocular}
}

@article{Here2013AAlgorithms,
    title = {{A Tour of Machine Learning Algorithms}},
    year = {2013},
    author = {Here, Start}
}

@techreport{Lowe2004AcceptedThe,
    title = {{Accepted for publication in the}},
    year = {2004},
    booktitle = {International Journal of Computer Vision},
    author = {Lowe, David G}
}

@article{Kearns1994AnTheory,
    title = {{An introduction to computational learning theory}},
    year = {1994},
    author = {Kearns, MJ and Vazirani, UV and Vazirani, U},
    url = {https://books.google.de/books?hl=de&lr=&id=vCA01wY6iywC&oi=fnd&pg=PR11&dq=+M.+J.+Kearns+and+U.+V.+Vazirani.+An+introduction+to+computational+learning+theory+.+&ots=p2L7mWxwBB&sig=zTh076qyUYuO76iKDuOxY4HtkV0}
}

@article{Rey-Otero2014AnatomyMethod,
    title = {{Anatomy of the SIFT Method}},
    year = {2014},
    journal = {Image Processing On Line},
    author = {Rey-Otero, Ives and Delbracio, Mauricio},
    pages = {370--396},
    volume = {4},
    url = {http://dx.doi.org/10.5201/ipol.2014.82http://dx.doi.org/10.5201/ipol.2014.82http://dx.doi.org/10.5201/ipol.2014.82},
    doi = {10.5201/ipol.2014.82},
    issn = {2105-1232},
    keywords = {feature detection, image comparison 1 General Description, sift}
}

@techreport{Johnson1974ApproximationProblems,
    title = {{Approximation Algorithms for Combinatorial Problems*}},
    year = {1974},
    booktitle = {JOURNAL OF COMPUTER AND SYSTEM SCIENCES},
    author = {Johnson, David S},
    pages = {256--278},
    volume = {9},
    url = {https://core.ac.uk/download/pdf/82520126.pdf}
}

@article{White2013BeliefsSearch,
    title = {{Beliefs and Biases in Web Search}},
    year = {2013},
    author = {White, Ryen W},
    isbn = {9781450320344},
    keywords = {beliefs, biases, health search, search interaction}
}

@article{BnB_Chosen,
    title = {{BnB{\_}Chosen}}
}

@article{BnB_Chosenb,
    title = {{BnB{\_}Chosen}}
}

@article{Hartl2017BundestagswahlModelling,
    title = {{Bundestagswahl 2017: Einblicke in das Tweetverhalten von Politikern mit Netzwerkanalyse und Topic Modelling}},
    year = {2017},
    author = {Hartl, Philipp and Ramsauer, Dominik},
    keywords = {politik, text mining, topic modelling, twitter}
}

@article{Hartl2017BundestagswahlModellingb,
    title = {{Bundestagswahl 2017: Einblicke in das Tweetverhalten von Politikern mit Netzwerkanalyse und Topic Modelling}},
    year = {2017},
    author = {Hartl, Philipp and Ramsauer, Dominik},
    keywords = {politik, text mining, topic modelling, twitter}
}

@article{UndCience,
    title = {{Cience 01 |}},
    author = {Und, Ntro},
    pages = {0--18}
}

@article{Cohen2013ClassifyingEasy,
    title = {{Classifying Political Orientation on Twitter: It's Not Easy!}},
    year = {2013},
    journal = {Seventh International AAAI Conference on Weblogs {\ldots}},
    author = {Cohen, R and Ruths, D},
    pages = {91--99},
    url = {http://www.aaai.org/ocs/index.php/ICWSM/ICWSM13/paper/viewFile/6128/6347%5Cnpapers3://publication/uuid/3532F9EA-312A-4F8E-83C3-6369D71D2171},
    keywords = {Full Paper}
}

@article{Kappler2013Communication,
    title = {{Communication Dynamics in Twitter During Political Campaigns: The Case of the 2011 Spanish National Election ´}},
    year = {2013},
    author = {Kappler, Karolin Eva and Kaltenbrunner, Andreas and Laniado, David and Arago, Pablo and Volkovich, Yana},
    number = {2},
    volume = {5},
    keywords = {online political campaigns, political parties, politics, spanish elections, twitter}
}

@article{Wool1997ComputationalProblem,
    title = {{Computational Experience with Approximation Algorithms for the Set Covering Problem}},
    year = {1997},
    author = {Wool, Avishai and Grossman Avishai Wool, Tal},
    url = {https://www.researchgate.net/publication/222998016},
    doi = {10.1016/S0377-2217(96)00161-0}
}

@article{Constr2,
    title = {{constr2}}
}

@article{Constr2b,
    title = {{constr2}}
}

@article{Golder2014DigitalResearch,
    title = {{Digital Footprints: Opportunities and Challenges for Online Social Research}},
    year = {2014},
    author = {Golder, Scott A and Macy, Michael W},
    doi = {10.1146/annurev-soc-071913-043145},
    keywords = {internet, online networks, social media, social networks, web}
}

@article{Torres-Tramn2016ExploitingRecommendation,
    title = {{Exploiting Food Choice Biases for Healthier Recipe Recommendation}},
    year = {2016},
    journal = {CEUR Workshop Proceedings},
    author = {Torres-Tram??n, Pablo and Hromic, Hugo and Walsh, Brian and Heravi, Bahareh R. and Hayes, Conor},
    number = {August},
    pages = {64--66},
    volume = {1691},
    isbn = {9781450335423},
    doi = {10.475/123},
    issn = {16130073},
    arxivId = {arXiv:1602.05561v1},
    keywords = {Entity linking, Information extraction, Twitter}
}

@techreport{Carlos2012FACULDADESettings,
    title = {{FACULDADE DE ENGENHARIA DA UNIVERSIDADE DO PORTO Robust Iris Recognition under Unconstrained Settings}},
    year = {2012},
    author = {Carlos, João and Monteiro, Sousa}
}

@article{Meier2016GoingRe-finding,
    title = {{Going back in Time: An Investigation of Social-Media Re-finding}},
    year = {2016},
    journal = {In: Proceedings of SIGIR’16. ACM.},
    author = {Meier, Florian},
    number = {i},
    pages = {355--364},
    isbn = {9781450340694},
    doi = {10.1145/2911451.2911524},
    issn = {00458856},
    keywords = {keyword1, keyword2 etc}
}

@article{LeCun1998Gradient-basedRecognition,
    title = {{Gradient-based learning applied to document recognition}},
    year = {1998},
    journal = {Proceedings of the IEEE},
    author = {LeCun, Yann and Bottou, Léon and Bengio, Yoshua and Haffner, Patrick},
    number = {11},
    pages = {2278--2323},
    volume = {86},
    isbn = {0018-9219},
    doi = {10.1109/5.726791},
    issn = {00189219},
    pmid = {15823584},
    arxivId = {1102.0183},
    keywords = {Convolutional neural networks, Document recognition, Finite state transducers, Gradient-based learning, Graph transformer networks, Machine learning, Neural networks, Optical character recognition (OCR)}
}

@article{Sose2010HerzlichZum,
    title = {{Herzlich Willkommen zum}},
    year = {2010},
    author = {Sose, Fernerkundung},
    pages = {1--31}
}

@techreport{Tomasi2017HistogramsGradients,
    title = {{Histograms of Oriented Gradients}},
    year = {2017},
    author = {Tomasi, Carlo},
    url = {http://www.bewiser.co.uk/news/car-insurance/crackdown-rude-drivers-who-undertake-hog-lanes-and-splash-pedestrians]}
}

@article{Oliveira2017HowTwitter,
    title = {{How to Find the Relevant Words Politicians Use in Twitter?}},
    year = {2017},
    author = {Oliveira, Lucas Santos De and Melo, Pedro O S Vaz},
    number = {ii},
    pages = {465--468},
    isbn = {9781450350969},
    keywords = {-  Information systems  ->  Information retrieval, Multimedia information systems, World Wide Web, s entropy, shannon, social network, text relevance, tf-idf, twitter}
}

@techreport{AntanovskiiImplementationR,
    title = {{Implementation of the Scale Invariant Feature Transform Algorithm in MATLAB R}},
    author = {Antanovskii, Leonid K},
    keywords = {Algorithms, Computer Vision, Mathematics, Object Recognition, Science}
}

@article{ElsweilerInformation36664,
    title = {{Information Behaviour (36664)}},
    author = {Elsweiler, David},
    number = {36664}
}

@article{Kuhlthau0InsidePerspective,
    title = {{Inside the Search Process: Information Seeking from the User's Perspective}},
    year = {0},
    author = {Kuhlthau, Carol C},
    number = {},
    pages = {},
    volume = {}
}

@article{Kuhlthau1991InsidePerspective,
    title = {{Inside the search process: Information seeking from the user's perspective}},
    year = {1991},
    author = {Kuhlthau, Carol C},
    number = {5},
    pages = {361--371},
    volume = {42}
}

@article{Juefei-XuJUEFEI-XUPatterns,
    title = {{JUEFEI-XU AND SAVVIDES: LEARNING TO INVERT LOCAL BINARY PATTERNS Learning to Invert Local Binary Patterns}},
    author = {Juefei-Xu, Felix and Savvides, Marios},
    url = {https://dx.doi.org/10.5244/C.30.29},
    doi = {10.5244/C.30.29}
}

@article{Medien2017JugendratCham,
    title = {{Jugendrat der Stadt Cham}},
    year = {2017},
    author = {Medien, Neue and Ramsauer, Dominik},
    pages = {6--7}
}

@article{Mahalingam2013LBP-basedDatasets,
    title = {{LBP-based periocular recognition on challenging face datasets}},
    year = {2013},
    journal = {Eurasip Journal on Image and Video Processing},
    author = {Mahalingam, Gayathri and Ricanek, Karl},
    isbn = {1687-5281},
    doi = {10.1186/1687-5281-2013-36},
    issn = {16875176}
}

@article{2015MathematicalTwitter,
    title = {{Mathematical Modeling of Trending Topics on Twitter}},
    year = {2015},
    number = {},
    pages = {},
    volume = {}
}

@techreport{ChierichettiMax-CoverMap-Reduce,
    title = {{Max-Cover in Map-Reduce}},
    author = {Chierichetti, Flavio and Kumar, Ravi and Tomkins, Andrew},
    url = {http://www.tomkins.family/static/papers/src/CKT10a.pdf},
    keywords = {Experimentation, H3m [Informa-tion Storage and Retrieval]: Miscellaneous General Terms Algorithms, Theory Keywords Maximum cover, greedy algorithm, map-reduce}
}

@article{Morales2015MeasuringVenezuela,
    title = {{Measuring political polarization: Twitter shows the two sides of Venezuela}},
    year = {2015},
    journal = {Chaos},
    author = {Morales, A. J. and Borondo, J. and Losada, J. C. and Benito, R. M.},
    number = {3},
    volume = {25},
    doi = {10.1063/1.4913758},
    issn = {10541500},
    pmid = {25833436},
    arxivId = {arXiv:1505.04095v1}
}

@article{Dotzler2017MediengeschichteTechno-Logie,
    title = {{Mediengeschichte als Historische Techno-Logie}},
    year = {2017},
    journal = {Nomos},
    author = {Dotzler, Bernhard J. and Roesler-Keilholz, Silke},
    number = {},
    pages = {},
    volume = {}
}

@unpublished{0Medientheorie,
    title = {{Medientheorie}},
    year = {0},
    number = {},
    pages = {},
    volume = {}
}

@inproceedings{Sen1993MinimalMethods,
    title = {{Minimal cost set covering using probabilistic methods}},
    year = {1993},
    booktitle = {Proceedings of the 1993 ACM/SIGAPP symposium on Applied computing states of the art and practice - SAC '93},
    author = {Sen, Sandip and {Sandip}},
    pages = {157--164},
    publisher = {ACM Press},
    url = {http://portal.acm.org/citation.cfm?doid=162754.162852},
    address = {New York, New York, USA},
    isbn = {0897915674},
    doi = {10.1145/162754.162852}
}

@article{Skaza2017ModelingHashtags,
    title = {{Modeling the infectiousness of Twitter hashtags}},
    year = {2017},
    journal = {Physica A: Statistical Mechanics and its Applications},
    author = {Skaza, Jonathan and Blais, Brian},
    volume = {465},
    doi = {10.1016/j.physa.2016.08.038},
    issn = {03784371},
    arxivId = {1603.00074}
}

@techreport{Monteiro2017MultimodalSettings,
    title = {{Multimodal Biometric Recognition under Unconstrained Settings}},
    year = {2017},
    author = {Monteiro, João C and Cardoso, Jaime S}
}

@article{York2009NetworkBorgatti,
    title = {{Network Analysis in the Social Sciences Stephen P. Borgatti,}},
    year = {2009},
    author = {York, New and Nw, Avenue},
    volume = {892},
    doi = {10.1126/science.1165821}
}

@article{ScienceOmputationalCience,
    title = {{Omputational ocial cience}},
    author = {Science, Computational Social},
    pages = {1--6}
}

@techreport{Saha2009OnBlog-Watch,
    title = {{On Maximum Coverage in the Streaming Model and Application to Multi-topic Blog-Watch}},
    year = {2009},
    author = {Saha, Barna and Getoor, Lise},
    pages = {697--708},
    institution = {SIAM}
}

@techreport{PeriocularImages,
    title = {{Periocular Recognition from Low-euality Iris Images}}
}

@techreport{Alonso-FernandezPeriocularDecomposition,
    title = {{Periocular Recognition Using Retinotopic Sampling and Gabor Decomposition}},
    author = {Alonso-Fernandez, Fernando and Bigun, Josef},
    url = {http://islab.hh.se},
    keywords = {Biometrics, Ga-bor decomposition, Log-Polar mapping, eye, iris, periocular}
}

@article{Garimella2015QuantifyingMedia,
    title = {{Quantifying Controversy in Social Media}},
    year = {2015},
    author = {Garimella, Kiran and Morales, Gianmarco De Francisci and Gionis, Aristides and Mathioudakis, Michael},
    isbn = {9781450337168},
    doi = {10.1145/2835776.2835792},
    issn = {9781450321389},
    pmid = {1000285845},
    arxivId = {1507.05224}
}

@techreport{LiRIFT:Transform,
    title = {{RIFT: Multi-modal Image Matching Based on Radiation-invariant Feature Transform}},
    author = {Li, Jiayuan and Hu, Qingwu and Ai, Mingyao},
    url = {https://sites.google.com/site/jiayuanli2016whu/home}
}

@article{Souza2010RightTo,
    title = {{right to}},
    year = {2010},
    author = {Souza, Marcelo Lopes De},
    number = {May},
    pages = {315--333},
    volume = {2}
}

@inproceedings{Xu2010RobustIdentification,
    title = {{Robust local binary pattern feature sets for periocular biometric identification}},
    year = {2010},
    booktitle = {IEEE 4th International Conference on Biometrics: Theory, Applications and Systems, BTAS 2010},
    author = {Xu, Juefei and Cha, Miriam and Heyman, Joseph L. and Venugopalan, Shreyas and Abiantun, Ramzi and Savvides, Marios},
    isbn = {9781424475803},
    doi = {10.1109/BTAS.2010.5634504}
}

@article{Lindeberg2012ScaleTransform,
    title = {{Scale Invariant Feature Transform}},
    year = {2012},
    journal = {Scholarpedia},
    author = {Lindeberg, Tony},
    doi = {10.4249/scholarpedia.10491},
    issn = {1941-6016}
}

@article{Lee2014SocialPolarization,
    title = {{Social media, network heterogeneity, and opinion polarization}},
    year = {2014},
    journal = {Journal of Communication},
    author = {Lee, Jae Kook and Choi, Jihyang and Kim, Cheonsoo and Kim, Yonghwan},
    number = {4},
    volume = {64},
    isbn = {1460-2466},
    doi = {10.1111/jcom.12077},
    issn = {14602466}
}

@article{Arag2013SpanishInstitutions,
    title = {{Spanish indignados and the evolution of 15m: towards networked para- institutions}},
    year = {2013},
    author = {Arag, Pablo},
    number = {May 2014}
}

@article{StatisticsApproach.,
    title = {{Statistics of Robust Optimization: A Generalized Empirical Likelihood Approach.}},
    journal = {arXiv Machine Learning (stat.ML)},
    url = {http://arxiv.org/abs/1610.03425},
    doi = {arXiv:1610.03425v3}
}

@techreport{LindahlStudyNorrkoping,
    title = {{Study of Local Binary Patterns Examensarbete utf{\"{o}}rt i medieteknik vid Link{\"{o}}pings Tekniska H{\"{o}}gskola, Campus Norrk{\"{o}}ping}},
    author = {Lindahl, Tobias and Bj{\"{o}}rn, Handledare and Examinator, Kruse and Kruse, Björn},
    url = {http://www.ep.liu.se/}
}

@article{Ishii0TangiblePixels,
    title = {{Tangible Bits: Beyond Pixels}},
    year = {0},
    author = {Ishii, Hiroshi},
    number = {},
    pages = {},
    volume = {}
}

@techreport{Oulu2003THEMAENPAA,
    title = {{THE LOCAL BINARY PATTERN APPROACH TO TEXTURE ANALYSIS-EXTENSIONS AND APPLICATIONS TO PI M{\"{A}}ENP{\"{A}}{\"{A}}}},
    year = {2003},
    author = {Oulu, Infotech}
}

@article{Prestopnik2000TheAbility,
    title = {{The relations among wayfinding strategy use, sense of direction, sex, familiarity, and wayfinding ability}},
    year = {2000},
    journal = {journal of environmental psychology},
    author = {Prestopnik, Jillian L. and Roskos-Ewoldsen, Beverly},
    number = {2},
    month = {6},
    pages = {177--191},
    volume = {20},
    url = {http://linkinghub.elsevier.com/retrieve/pii/S0272494499901603},
    isbn = {0272-4944},
    doi = {10.1006/jevp.1999.0160},
    issn = {02724944}
}

@article{Boutyline2017TheNetworks,
    title = {{The Social Structure of Political Echo Chambers: Variation in Ideological Homophily in Online Networks}},
    year = {2017},
    journal = {Political Psychology},
    author = {Boutyline, Andrei and Willer, Robb},
    number = {3},
    volume = {38},
    isbn = {9788578110796},
    doi = {10.1111/pops.12337},
    issn = {14679221},
    pmid = {25246403},
    arxivId = {arXiv:1011.1669v3}
}

@article{Barbera2015TweetingChamber,
    title = {{Tweeting From Left to Right: Is Online Political Communication More Than an Echo Chamber?}},
    year = {2015},
    journal = {Psychological Science},
    author = {Barber{\'{a}}, Pablo and Jost, John T. and Nagler, Jonathan and Tucker, Joshua A. and Bonneau, Richard},
    number = {10},
    volume = {26},
    isbn = {0956-7976},
    doi = {10.1177/0956797615594620},
    issn = {14679280},
    pmid = {26297377}
}

@article{Der2014UmsatzeDruckansicht,
    title = {{Ums{\"{a}}tze ­ Druckansicht}},
    year = {2014},
    author = {Der, E U R and Kreditka, Verwendungszweck Eigene and Sparkass, Berliner and Kreditka, Eigene and Sparkass, Berliner and Kreditka, Eigene and Sparkass, Berliner and Kreditka, Eigene and Sparkass, Berliner and Kreditka, Eigene and Sparkass, Berliner and Kreditka, Eigene and Sparkass, Berliner and Sparkass, Buchung Berliner and Auf, F T and Kreditka, Eigene},
    number = {10050000},
    pages = {11--12},
    isbn = {5461882014106},
    keywords = {()}
}

@article{Bria2015WhenParty,
    title = {{When a movement becomes a party}},
    year = {2015},
    author = {Bria, Francesca},
    url = {http://www.nesta.org.uk/publications/when-movement-becomes-party}
}

@inproceedings{Aragon2016WhenMedia,
    title = {{When a movement becomes a party: Computational assessment of new forms of political organization in social media}},
    year = {2016},
    booktitle = {Proceedings of the 10th International Conference on Web and Social Media, ICWSM 2016},
    author = {Arag{\'{o}}n, P. and Volkovich, Y. and Laniado, D. and Kaltenbrunner, A.},
    isbn = {9781577357582}
}

@article{Lietz2014WhenTwitter,
    title = {{When Politicians Talk: Assessing Online Conversational Practices of Political Parties on Twitter}},
    year = {2014},
    author = {Lietz, Haiko and Wagner, Claudia and Bleier, Arnim and Strohmaier, Markus},
    pages = {285--294},
    keywords = {Full Papers}
}

@article{Syed2017Z-ImagesProject,
    title = {{Z-Images Eyetracking and its Mathematical Models View project current researches View project}},
    year = {2017},
    author = {Syed, Tahir and Lang, Elmar Wolfgang and Iqbal, Sadaf},
    url = {https://www.researchgate.net/publication/317104825},
    doi = {10.1007/978-3-319-58838-4{\_}20}
}